<?xml version="1.0" encoding="iso-8859-1"?>
<ting:container xmlns:ting="http://www.dbc.dk/ting" xmlns:dc="http://purl.org/dc/elements/1.1/" xmlns="http://www.bs.dk/standards/MarcXchange"><ting:dc><dc:title>Grønt miljø</dc:title><dc:creator>Landsforeningen Danske Anlægsgartnermestre</dc:creator><dc:subject>63.5105</dc:subject><dc:subject></dc:subject><dc:publisher>Vanløse Landsforeningen Danske Anlægsgartnermestre</dc:publisher><dc:date>1983</dc:date><dc:type>Tidsskrift</dc:type><dc:identifier>ISSN: 0108-4755</dc:identifier><dc:language>Dansk</dc:language></ting:dc><collection><record format="danMARC2" type="Bibliographic"><leader>00000nape020000004000000</leader><datafield tag="001" ind1="0" ind2="0"><subfield code="a">05912776</subfield><subfield code="b">870970</subfield><subfield code="c">20010128224732</subfield><subfield code="d">19830420</subfield><subfield code="f">a</subfield><subfield code="o">c</subfield><subfield code="t">FAUST</subfield></datafield><datafield tag="004" ind1="0" ind2="0"><subfield code="r">n</subfield><subfield code="a">e</subfield></datafield><datafield tag="008" ind1="0" ind2="0"><subfield code="t">p</subfield><subfield code="u">c</subfield><subfield code="a">1983</subfield><subfield code="b">dk</subfield><subfield code="c">b</subfield><subfield code="h">p</subfield><subfield code="l">dan</subfield><subfield code="v">0</subfield></datafield><datafield tag="009" ind1="0" ind2="0"><subfield code="a">a</subfield><subfield code="g">xx</subfield></datafield><datafield tag="022" ind1="0" ind2="0"><subfield code="a">0108-4755</subfield><subfield code="c">hf.</subfield><subfield code="d">kr. 160,00 årligt</subfield></datafield><datafield tag="032" ind1="0" ind2="0"><subfield code="a">DBÅ198319</subfield><subfield code="a">DPF198319</subfield><subfield code="x">DAT199514</subfield><subfield code="a">DBÅ</subfield><subfield code="a">DPF</subfield><subfield code="x">DAT</subfield></datafield><datafield tag="082" ind1="0" ind2="0"><subfield code="a">712</subfield></datafield><datafield tag="245" ind1="0" ind2="0"><subfield code="a">Grønt miljø</subfield></datafield><datafield tag="255" ind1="0" ind2="0"><subfield code="a">Nummer 1, 1. årgang (marts 1983)-</subfield></datafield><datafield tag="260" ind1="0" ind2="0"><subfield code="a">Vanløse</subfield><subfield code="d">Linde Allae 16, 2720</subfield><subfield code="b">Landsforeningen Danske Anlægsgartnermestre</subfield><subfield code="c">[1983]-</subfield></datafield><datafield tag="300" ind1="0" ind2="0"><subfield code="b">Ill. (nogle i farver)</subfield><subfield code="c">24 cm</subfield></datafield><datafield tag="500" ind1="0" ind2="0"><subfield code="a">7 numre årligt</subfield></datafield><datafield tag="526" ind1="0" ind2="0"><subfield code="a">Fortsættelse af: Anlægsgartneren</subfield></datafield><datafield tag="539" ind1="0" ind2="0"><subfield code="a">7, 12. årgang (november 94)</subfield></datafield><datafield tag="652" ind1="0" ind2="0"><subfield code="m">63.5105</subfield></datafield><datafield tag="710" ind1="0" ind2="0"><subfield code="0"></subfield><subfield code="a">Landsforeningen Danske Anlægsgartnermestre</subfield></datafield><datafield tag="910" ind1="0" ind2="0"><subfield code="0"></subfield><subfield code="a">Danske Anlægsgartnermestre, Landsforeningen</subfield><subfield code="x">se</subfield><subfield code="w">Landsforeningen Danske Anlægsgartnermestre</subfield><subfield code="z">710</subfield></datafield><datafield tag="910" ind1="0" ind2="0"><subfield code="0"></subfield><subfield code="a">LDA</subfield><subfield code="x">se</subfield><subfield code="w">Landsforeningen Danske Anlægsgartnermestre</subfield><subfield code="z">710</subfield></datafield></record></collection>
</ting:container>
